<?xml version="1.0" encoding="UTF-8"?>

<marc21:record xmlns:marc21="http://www.loc.gov/MARC21/slim" xmlns:xsi="http://www.w3.org/2001/XMLSchema-instance" xsi:schemaLocation="http://www.loc.gov/MARC21/slim http://www.loc.gov/standards/marcxml/schema/MARC21slim.xsd">
  <marc21:leader>01850nam a22004457a 4500</marc21:leader>
  <marc21:controlfield tag="001">001050886</marc21:controlfield>
  <marc21:controlfield tag="003">CZ BrMZK</marc21:controlfield>
  <marc21:controlfield tag="005">20091211072930.0</marc21:controlfield>
  <marc21:controlfield tag="007">ta</marc21:controlfield>
  <marc21:controlfield tag="008">070607s1705 xr ac fr|||||00| ||latod</marc21:controlfield>
  <marc21:datafield tag="040" ind1=" " ind2=" ">
    <marc21:subfield code="a">BOA001</marc21:subfield>
    <marc21:subfield code="b">cze</marc21:subfield>
  </marc21:datafield>
  <marc21:datafield tag="072" ind1=" " ind2="7">
    <marc21:subfield code="a">094</marc21:subfield>
    <marc21:subfield code="x">Staré tisky</marc21:subfield>
    <marc21:subfield code="2">Konspekt</marc21:subfield>
    <marc21:subfield code="9">12</marc21:subfield>
  </marc21:datafield>
  <marc21:datafield tag="080" ind1=" " ind2=" ">
    <marc21:subfield code="a">025.171</marc21:subfield>
    <marc21:subfield code="2">MRF</marc21:subfield>
  </marc21:datafield>
  <marc21:datafield tag="130" ind1="0" ind2=" ">
    <marc21:subfield code="a">Officium.</marc21:subfield>
    <marc21:subfield code="l">Latinsky</marc21:subfield>
  </marc21:datafield>
  <marc21:datafield tag="245" ind1="1" ind2="0">
    <marc21:subfield code="a">Selectae Devotiones Ad S. Judam Apostolum, Sanctum Joannem Nepomucenum, Sanctum Antonium Paduanum, S. Dismam Poenitentem Latronem; Adjunctis aliis Orationibus</marc21:subfield>
  </marc21:datafield>
  <marc21:datafield tag="260" ind1=" " ind2=" ">
    <marc21:subfield code="a">Olomucii :</marc21:subfield>
    <marc21:subfield code="b">Apud Georgium Lehmannum,</marc21:subfield>
    <marc21:subfield code="c">1705</marc21:subfield>
  </marc21:datafield>
  <marc21:datafield tag="300" ind1=" " ind2=" ">
    <marc21:subfield code="a">[2], 70 s. zach. ;</marc21:subfield>
    <marc21:subfield code="c">12°</marc21:subfield>
  </marc21:datafield>
  <marc21:datafield tag="500" ind1=" " ind2=" ">
    <marc21:subfield code="a">Výzdoba: linky a viněty z typografických ozdob, iniciály, celostránkové mědirytinové ilustrace světců v textu</marc21:subfield>
  </marc21:datafield>
  <marc21:datafield tag="500" ind1=" " ind2=" ">
    <marc21:subfield code="a">Na konci svazku vevázaný dobový latinský modlitební rukopis</marc21:subfield>
  </marc21:datafield>
  <marc21:datafield tag="563" ind1=" " ind2=" ">
    <marc21:subfield code="a">Původní vazba, lepenka potažená hovězinou s rámcem</marc21:subfield>
  </marc21:datafield>
  <marc21:datafield tag="590" ind1=" " ind2=" ">
    <marc21:subfield code="a">Chybí konec (viz stránkový kustod "Lita-" ukazující v zápatí strany 70 na pokračování textu)</marc21:subfield>
  </marc21:datafield>
  <marc21:datafield tag="648" ind1=" " ind2="7">
    <marc21:subfield code="a">1701-1750</marc21:subfield>
    <marc21:subfield code="2">czenas</marc21:subfield>
  </marc21:datafield>
  <marc21:datafield tag="650" ind1="0" ind2="7">
    <marc21:subfield code="a">historické knihovní fondy</marc21:subfield>
    <marc21:subfield code="2">czenas</marc21:subfield>
  </marc21:datafield>
  <marc21:datafield tag="655" ind1=" " ind2="7">
    <marc21:subfield code="a">staré tisky</marc21:subfield>
    <marc21:subfield code="2">czenas</marc21:subfield>
  </marc21:datafield>
  <marc21:datafield tag="700" ind1="0" ind2=" ">
    <marc21:subfield code="a">Juda Tadeáš,</marc21:subfield>
    <marc21:subfield code="c">svatý,</marc21:subfield>
    <marc21:subfield code="d">1. stol.</marc21:subfield>
    <marc21:subfield code="7">ola2003167555</marc21:subfield>
    <marc21:subfield code="4">hnr</marc21:subfield>
  </marc21:datafield>
  <marc21:datafield tag="700" ind1="0" ind2=" ">
    <marc21:subfield code="a">Jan Nepomucký,</marc21:subfield>
    <marc21:subfield code="c">svatý,</marc21:subfield>
    <marc21:subfield code="d">ca 1340-1393</marc21:subfield>
    <marc21:subfield code="7">jn20000728449</marc21:subfield>
    <marc21:subfield code="4">hnr</marc21:subfield>
  </marc21:datafield>
  <marc21:datafield tag="700" ind1="0" ind2=" ">
    <marc21:subfield code="a">Antonín Paduánský,</marc21:subfield>
    <marc21:subfield code="c">svatý,</marc21:subfield>
    <marc21:subfield code="d">1195-1231</marc21:subfield>
    <marc21:subfield code="7">jn20000700066</marc21:subfield>
    <marc21:subfield code="4">hnr</marc21:subfield>
  </marc21:datafield>
  <marc21:datafield tag="700" ind1="0" ind2=" ">
    <marc21:subfield code="a">Dismas,</marc21:subfield>
    <marc21:subfield code="c">svatý,</marc21:subfield>
    <marc21:subfield code="d">zemř. ca 30</marc21:subfield>
    <marc21:subfield code="7">mzk2006343370</marc21:subfield>
    <marc21:subfield code="4">hnr</marc21:subfield>
  </marc21:datafield>
  <marc21:datafield tag="910" ind1=" " ind2=" ">
    <marc21:subfield code="b">ZK-0002.111</marc21:subfield>
  </marc21:datafield>
  <marc21:datafield tag="978" ind1=" " ind2=" ">
    <marc21:subfield code="a">Lehmann</marc21:subfield>
    <marc21:subfield code="b">Georg</marc21:subfield>
    <marc21:subfield code="c">Olomouc</marc21:subfield>
    <marc21:subfield code="f">1705</marc21:subfield>
  </marc21:datafield>
  <marc21:datafield tag="984" ind1=" " ind2=" ">
    <marc21:subfield code="a">Olomouc</marc21:subfield>
    <marc21:subfield code="b">Česko</marc21:subfield>
  </marc21:datafield>
  <marc21:datafield tag="990" ind1=" " ind2=" ">
    <marc21:subfield code="a">001050886</marc21:subfield>
  </marc21:datafield>
  <marc21:datafield tag="CAT" ind1=" " ind2=" ">
    <marc21:subfield code="a">KAMELU</marc21:subfield>
    <marc21:subfield code="b">50</marc21:subfield>
    <marc21:subfield code="c">20070607</marc21:subfield>
    <marc21:subfield code="l">MZK03</marc21:subfield>
    <marc21:subfield code="h">0956</marc21:subfield>
  </marc21:datafield>
  <marc21:datafield tag="CAT" ind1=" " ind2=" ">
    <marc21:subfield code="c">20080417</marc21:subfield>
    <marc21:subfield code="l">MZK03</marc21:subfield>
    <marc21:subfield code="h">2355</marc21:subfield>
  </marc21:datafield>
  <marc21:datafield tag="CAT" ind1=" " ind2=" ">
    <marc21:subfield code="a">KUBIZD</marc21:subfield>
    <marc21:subfield code="b">50</marc21:subfield>
    <marc21:subfield code="c">20091211</marc21:subfield>
    <marc21:subfield code="l">MZK03</marc21:subfield>
    <marc21:subfield code="h">0720</marc21:subfield>
  </marc21:datafield>
  <marc21:datafield tag="CAT" ind1=" " ind2=" ">
    <marc21:subfield code="a">BATCH-UPD</marc21:subfield>
    <marc21:subfield code="b">50</marc21:subfield>
    <marc21:subfield code="c">20091211</marc21:subfield>
    <marc21:subfield code="l">MZK03</marc21:subfield>
    <marc21:subfield code="h">0721</marc21:subfield>
  </marc21:datafield>
  <marc21:datafield tag="CAT" ind1=" " ind2=" ">
    <marc21:subfield code="a">KUBIZD</marc21:subfield>
    <marc21:subfield code="b">50</marc21:subfield>
    <marc21:subfield code="c">20091211</marc21:subfield>
    <marc21:subfield code="l">MZK03</marc21:subfield>
    <marc21:subfield code="h">0729</marc21:subfield>
  </marc21:datafield>
  <marc21:datafield tag="PRU" ind1=" " ind2=" ">
    <marc21:subfield code="a">VZST 091211 ZK</marc21:subfield>
  </marc21:datafield>
  <marc21:datafield tag="SGG" ind1=" " ind2=" ">
    <marc21:subfield code="a">0002.111</marc21:subfield>
  </marc21:datafield>
</marc21:record>
